@inproceedings{Tau1995,
  author = {Taubin, Gabriel},
  title = {A Signal Processing Approach to Fair Surface Design},
  year = {1995},
  isbn = {0897917014},
  publisher = {Association for Computing Machinery},
  address = {New York, NY, USA},
  url = {https://doi.org/10.1145/218380.218473},
  doi = {10.1145/218380.218473},
  booktitle = {Proceedings of the 22nd Annual Conference on Computer Graphics and Interactive Techniques},
  pages = {351â€“358},
  numpages = {8},
  keywords = {graphics},
  series = {SIGGRAPH '95}
}

@book{KW1996,
  author = {Kincaid, David and Cheney, Ward},
  title = {Numerical Analysis: Mathematics of Scientific Computing (2nd Ed)},
  year = {1996},
  isbn = {0534338925},
  publisher = {Brooks/Cole Publishing Co.},
  address = {USA}
}

@article{BRS1977,
  author={Barr, Roger C. and Ramsey, Maynard and Spach, Madison S.},
  journal={IEEE Transactions on Biomedical Engineering},
  title={Relating Epicardial to Body Surface Potential Distributions by Means of Transfer Coefficients Based on Geometry Measurements},
  year={1977},
  volume={BME-24},
  number={1},
  pages={1-11},
  doi={10.1109/TBME.1977.326201}
}

@article{SPM1986,
  author={Stanley, Peggy C. and Pilkington, Theo C. and Morrow, Mary N.},
  journal={IEEE Transactions on Biomedical Engineering},
  title={The Effects of Thoracic Inhomogeneities on the Relationship Between Epicardial and Torso Potentials},
  year={1986},
  volume={BME-33},
  number={3},
  pages={273-284},
  doi={10.1109/TBME.1986.325711}
}

@article{Mun1992,
  author={de Munck, J.C.},
  journal={IEEE Transactions on Biomedical Engineering},
  title={A linear discretization of the volume conductor boundary integral equation using analytically integrated elements (electrophysiology application)},
  year={1992},
  volume={39},
  number={9},
  pages={986-990},
  doi={10.1109/10.256433}
}

@book{Saa2003,
author = {Saad, Y.},
title = {Iterative Methods for Sparse Linear Systems},
year = {2003},
isbn = {0898715342},
publisher = {Society for Industrial and Applied Mathematics},
address = {USA},
edition = {2nd},
url = {http://www-users.cs.umn.edu/~saad/books.html}
}
